<?xml version="1.0" encoding="UTF-8"?><collection xmlns="http://www.loc.gov/MARC21/slim"><record><leader>00517nam--2200181-i-4500</leader><controlfield tag="001">000001392</controlfield><controlfield tag="002">20161230</controlfield><controlfield tag="005">20161230201024</controlfield><controlfield tag="008">060222s1000------------r-----000-0-fre-d</controlfield><datafield ind1=" " ind2=" " tag="040"><subfield code="a">IFIN-HH</subfield></datafield><datafield ind1=" " ind2=" " tag="041"><subfield code="a">fre</subfield></datafield><datafield ind1=" " ind2=" " tag="080"><subfield code="a">535.243(043)</subfield></datafield><datafield ind1="1" ind2=" " tag="100"><subfield code="a">Godefroy, Lucien</subfield></datafield><datafield ind1="1" ind2="0" tag="245"><subfield code="a">Photometrie differentielle des rayons x. application a la magnetostriction du ferrite de cobalt</subfield><subfield code="b">These</subfield><subfield code="c">Lucien godefroy</subfield></datafield><datafield ind1=" " ind2=" " tag="260"><subfield code="a">Paris</subfield><subfield code="b">Universite</subfield><subfield code="c">1963</subfield></datafield><datafield ind1=" " ind2=" " tag="300"><subfield code="a">73 P</subfield></datafield><datafield ind1=" " ind2=" " tag="852"><subfield code="a">77033</subfield><subfield code="c">535</subfield></datafield><datafield ind1=" " ind2=" " tag="CAT"><subfield code="a">Sys</subfield><subfield code="c">20110126</subfield><subfield code="h">135504</subfield></datafield></record></collection>